<record><leader>00000cas a22000007a 4500</leader><controlfield tag="001">29658693</controlfield><controlfield tag="008">940120d194919uuctumr ne      0    0eng d</controlfield><datafield ind1=" " ind2=" " tag="010"><subfield code="a">sn 94053005 </subfield></datafield><datafield ind1=" " ind2=" " tag="040"><subfield code="a">CNW</subfield><subfield code="b">eng</subfield><subfield code="c">CNW</subfield><subfield code="d">OCLCQ</subfield></datafield><datafield ind1=" " ind2=" " tag="042"><subfield code="a">msc</subfield></datafield><datafield ind1="0" ind2="0" tag="245"><subfield code="a">Ashford post.</subfield></datafield><datafield ind1=" " ind2=" " tag="260"><subfield code="a">Warrenville, Conn. :</subfield><subfield code="b">Louis Juhasz, ed.</subfield></datafield><datafield ind1=" " ind2=" " tag="300"><subfield code="a">v.</subfield></datafield><datafield ind1=" " ind2=" " tag="310"><subfield code="a">Monthly</subfield></datafield><datafield ind1=" " ind2=" " tag="588"><subfield code="a">Description based on: Vol. 1, no. 4 (Nov. 1949).</subfield></datafield><datafield ind1=" " ind2="4" tag="651"><subfield code="a">Ashford (Conn.)</subfield><subfield code="v">Newspapers.</subfield></datafield><datafield ind1=" " ind2=" " tag="752"><subfield code="a">United States</subfield><subfield code="b">Connecticut</subfield><subfield code="c">Windham</subfield><subfield code="d">Warrenville.</subfield></datafield><datafield ind1="0" ind2="7" tag="785"><subfield code="t">Rural record (Tolland, Conn.)</subfield><subfield code="w">(DLC)sn 93053891</subfield><subfield code="w">(OCoLC)27862841</subfield></datafield><datafield ind1="0" ind2="7" tag="785"><subfield code="t">Rural record and Ashford post</subfield><subfield code="w">(DLC)sn 93053892</subfield><subfield code="w">(OCoLC)27862849</subfield></datafield><datafield ind1="1" ind2=" " tag="029"><subfield code="a">AU@</subfield><subfield code="b">000025870143</subfield></datafield></record>